@inproceedings{borovitskiy2020,
  title={Matérn Gaussian processes on Riemannian manifolds},
  author={Borovitskiy, Viacheslav and Terenin, Alexander and Mostowsky, Peter and Deisenroth, Marc Peter},
  booktitle={Advances in Neural Information Processing Systems},
  year={2020}
}

@inproceedings{borovitskiy2021,
  title={Matérn Gaussian Processes on Graphs},
  author={Borovitskiy, Viacheslav and Azangulov, Iskander and Terenin, Alexander and Mostowsky, Peter and Deisenroth, Marc and Durrande, Nicolas},
  booktitle={International Conference on Artificial Intelligence and Statistics},
  year={2021},
}

@inproceedings{kondor2002,
  title={Diffusion kernels on graphs and other discrete structures},
  author={Kondor, Risi Imre and Lafferty, John},
  booktitle={International Conference on Machine Learning},
  year={2002}
}

@article{solin2020,
  title={Hilbert space methods for reduced-rank Gaussian process regression},
  author={Solin, Arno and Särkkä, Simo},
  journal={Statistics and Computing},
  volume={30},
  number={2},
  pages={419--446},
  year={2020},
}

@article{coveney2020,
  title={Gaussian process manifold interpolation for probabilistic atrial activation maps and uncertain conduction velocity},
  author={Coveney, Sam and Corrado, Cesare and Roney, Caroline H and O’Hare, Daniel and Williams, Steven E and O’Neill, Mark D and Niederer, Steven A and Clayton, Richard H and Oakley, Jeremy E and Wilkinson, Richard D},
  journal={Philosophical Transactions of the Royal Society A},
  volume={378},
  number={2173},
  pages={20190345},
  year={2020},
}

@inproceedings{jaquier2021,
  title={Geometry-aware Bayesian Optimization in Robotics using Riemannian Matérn Kernels},
  author={Jaquier, Noémie and Borovitskiy, Viacheslav and Smolensky, Andrei and Terenin, Alexander and Asfour, Tamim and Rozo, Leonel},
  booktitle={Annual Conference on Robot Learning},
  year={2021}
}

@article{azangulov2022,
  title = {Stationary Kernels and Gaussian Processes on Lie Groups and their Homogeneous Spaces I: the compact case},
  author = {Azangulov, Iskander and Smolensky, Andrei and Terenin, Alexander and Borovitskiy, Viacheslav},
  journal = {arXiv preprint arXiv:2208.14960},
  year = {2022}
}

@article{azangulov2023,
  title={Stationary Kernels and Gaussian Processes on Lie Groups and their Homogeneous Spaces II: non-compact symmetric spaces},
  author={Azangulov, Iskander and Smolensky, Andrei and Terenin, Alexander and Borovitskiy, Viacheslav},
  journal={arXiv preprint arXiv:2301.13088},
  year={2023}
}

@inproceedings{yang2024,
  title={Hodge-Compositional Edge Gaussian Processes},
  author={Yang, Maosheng and Borovitskiy, Viacheslav and Isufi, Elvin},
  booktitle={International Conference on Artificial Intelligence and Statistics},
  year={2024}
}

@article{alain2023,
  title={Gaussian Processes on Cellular Complexes},
  author={Alain, Mathieu and Takao, So and Paige, Brooks and Deisenroth, Marc Peter},
  journal={arXiv preprint arXiv:2311.01198},
  year={2023}
}

@inproceedings{sharp2020,
  title={A Laplacian for nonmanifold triangle meshes},
  author={Sharp, Nicholas and Crane, Keenan},
  booktitle={Computer Graphics Forum},
  year={2020},
}

@inproceedings{rahimi2007,
  title={Random features for large-scale kernel machines},
  author={Rahimi, Ali and Recht, Benjamin},
  booktitle={Advances in Neural Information Processing Systems},
  year={2007},
}

@inproceedings{sutherland2015,
  title={On the Error of Random Fourier Features},
  author={Sutherland, Danica J and Schneider, Jeff},
  booktitle={Uncertainty in Artificial Intelligence},
  year={2015},
}

@book{rasmussen2006,
  title={Gaussian Processes for Machine Learning},
  author={Rasmussen, Carl Edward and Williams, Christopher K I},
  publisher={MIT Press},
  year={2006}
}

@book{absil2008,
  title={Optimization algorithms on matrix manifolds},
  author={Absil, P-A and Mahony, Robert and Sepulchre, Rodolphe},
  year={2008},
  publisher={Princeton University Press}
}

@book{jost2011,
  title={Riemannian geometry and geometric analysis},
  author={Jost, Jürgen},
  year={2011},
  publisher={Springer}
}

@article{canzani2013,
  title={Analysis on manifolds via the Laplacian},
  author={Canzani, Yaiza},
  journal={Lecture Notes available at: http://www.math.harvard.edu/canzani/docs/Laplacian.pdf},
  year={2013}
}